%YAML 1.1
%TAG !u! tag:unity3d.com,2011:
--- !u!29 &1
OcclusionCullingSettings:
  m_ObjectHideFlags: 0
  serializedVersion: 2
  m_OcclusionBakeSettings:
    smallestOccluder: 5
    smallestHole: 0.25
    backfaceThreshold: 100
  m_SceneGUID: 00000000000000000000000000000000
  m_OcclusionCullingData: {fileID: 0}
--- !u!104 &2
RenderSettings:
  m_ObjectHideFlags: 0
  serializedVersion: 8
  m_Fog: 0
  m_FogColor: {r: 0.5, g: 0.5, b: 0.5, a: 1}
  m_FogMode: 3
  m_FogDensity: 0.01
  m_LinearFogStart: 0
  m_LinearFogEnd: 300
  m_AmbientSkyColor: {r: 0.212, g: 0.227, b: 0.259, a: 1}
  m_AmbientEquatorColor: {r: 0.114, g: 0.125, b: 0.133, a: 1}
  m_AmbientGroundColor: {r: 0.047, g: 0.043, b: 0.035, a: 1}
  m_AmbientIntensity: 1
  m_AmbientMode: 0
  m_SubtractiveShadowColor: {r: 0.42, g: 0.478, b: 0.627, a: 1}
  m_SkyboxMaterial: {fileID: 10304, guid: 0000000000000000f000000000000000, type: 0}
  m_HaloStrength: 0.5
  m_FlareStrength: 1
  m_FlareFadeSpeed: 3
  m_HaloTexture: {fileID: 0}
  m_SpotCookie: {fileID: 10001, guid: 0000000000000000e000000000000000, type: 0}
  m_DefaultReflectionMode: 0
  m_DefaultReflectionResolution: 128
  m_ReflectionBounces: 1
  m_ReflectionIntensity: 1
  m_CustomReflection: {fileID: 0}
  m_Sun: {fileID: 0}
  m_IndirectSpecularColor: {r: 0.44657844, g: 0.49641222, b: 0.57481694, a: 1}
--- !u!157 &3
LightmapSettings:
  m_ObjectHideFlags: 0
  serializedVersion: 11
  m_GIWorkflowMode: 0
  m_GISettings:
    serializedVersion: 2
    m_BounceScale: 1
    m_IndirectOutputScale: 1
    m_AlbedoBoost: 1
    m_TemporalCoherenceThreshold: 1
    m_EnvironmentLightingMode: 0
    m_EnableBakedLightmaps: 1
    m_EnableRealtimeLightmaps: 1
  m_LightmapEditorSettings:
    serializedVersion: 9
    m_Resolution: 2
    m_BakeResolution: 40
    m_TextureWidth: 1024
    m_TextureHeight: 1024
    m_AO: 0
    m_AOMaxDistance: 1
    m_CompAOExponent: 1
    m_CompAOExponentDirect: 0
    m_Padding: 2
    m_LightmapParameters: {fileID: 0}
    m_LightmapsBakeMode: 1
    m_TextureCompression: 1
    m_FinalGather: 0
    m_FinalGatherFiltering: 1
    m_FinalGatherRayCount: 256
    m_ReflectionCompression: 2
    m_MixedBakeMode: 2
    m_BakeBackend: 0
    m_PVRSampling: 1
    m_PVRDirectSampleCount: 32
    m_PVRSampleCount: 500
    m_PVRBounces: 2
    m_PVRFiltering: 0
    m_PVRFilteringMode: 1
    m_PVRCulling: 1
    m_PVRFilteringGaussRadiusDirect: 1
    m_PVRFilteringGaussRadiusIndirect: 5
    m_PVRFilteringGaussRadiusAO: 2
    m_PVRFilteringAtrousColorSigma: 1
    m_PVRFilteringAtrousNormalSigma: 1
    m_PVRFilteringAtrousPositionSigma: 1
  m_LightingDataAsset: {fileID: 0}
  m_UseShadowmask: 1
--- !u!196 &4
NavMeshSettings:
  serializedVersion: 2
  m_ObjectHideFlags: 0
  m_BuildSettings:
    serializedVersion: 2
    agentTypeID: 0
    agentRadius: 0.5
    agentHeight: 2
    agentSlope: 45
    agentClimb: 0.4
    ledgeDropHeight: 0
    maxJumpAcrossDistance: 0
    minRegionArea: 2
    manualCellSize: 0
    cellSize: 0.16666667
    manualTileSize: 0
    tileSize: 256
    accuratePlacement: 0
  m_NavMeshData: {fileID: 0}
--- !u!1 &295392586
GameObject:
  m_ObjectHideFlags: 0
  m_PrefabParentObject: {fileID: 0}
  m_PrefabInternal: {fileID: 0}
  serializedVersion: 5
  m_Component:
  - component: {fileID: 295392587}
  - component: {fileID: 295392589}
  - component: {fileID: 295392588}
  m_Layer: 5
  m_Name: Image
  m_TagString: Untagged
  m_Icon: {fileID: 0}
  m_NavMeshLayer: 0
  m_StaticEditorFlags: 0
  m_IsActive: 1
--- !u!224 &295392587
RectTransform:
  m_ObjectHideFlags: 0
  m_PrefabParentObject: {fileID: 0}
  m_PrefabInternal: {fileID: 0}
  m_GameObject: {fileID: 295392586}
  m_LocalRotation: {x: 0, y: 0, z: 0, w: 1}
  m_LocalPosition: {x: 0, y: 0, z: 0}
  m_LocalScale: {x: 1, y: 1, z: 1}
  m_Children: []
  m_Father: {fileID: 1209003416}
  m_RootOrder: 0
  m_LocalEulerAnglesHint: {x: 0, y: 0, z: 0}
  m_AnchorMin: {x: 0.5, y: 0.5}
  m_AnchorMax: {x: 0.5, y: 0.5}
  m_AnchoredPosition: {x: 0, y: 0}
  m_SizeDelta: {x: 1500, y: 1500}
  m_Pivot: {x: 0.5, y: 0.5}
--- !u!114 &295392588
MonoBehaviour:
  m_ObjectHideFlags: 0
  m_PrefabParentObject: {fileID: 0}
  m_PrefabInternal: {fileID: 0}
  m_GameObject: {fileID: 295392586}
  m_Enabled: 1
  m_EditorHideFlags: 0
  m_Script: {fileID: -765806418, guid: f70555f144d8491a825f0804e09c671c, type: 3}
  m_Name: 
  m_EditorClassIdentifier: 
  m_Material: {fileID: 0}
  m_Color: {r: 1, g: 1, b: 1, a: 1}
  m_RaycastTarget: 1
  m_OnCullStateChanged:
    m_PersistentCalls:
      m_Calls: []
    m_TypeName: UnityEngine.UI.MaskableGraphic+CullStateChangedEvent, UnityEngine.UI,
      Version=1.0.0.0, Culture=neutral, PublicKeyToken=null
  m_Sprite: {fileID: 21300000, guid: 2fc7c74049e0444319486310e6178bcd, type: 3}
  m_Type: 0
  m_PreserveAspect: 1
  m_FillCenter: 1
  m_FillMethod: 4
  m_FillAmount: 1
  m_FillClockwise: 1
  m_FillOrigin: 0
--- !u!222 &295392589
CanvasRenderer:
  m_ObjectHideFlags: 0
  m_PrefabParentObject: {fileID: 0}
  m_PrefabInternal: {fileID: 0}
  m_GameObject: {fileID: 295392586}
--- !u!1 &1099609128
GameObject:
  m_ObjectHideFlags: 0
  m_PrefabParentObject: {fileID: 0}
  m_PrefabInternal: {fileID: 0}
  serializedVersion: 5
  m_Component:
  - component: {fileID: 1099609133}
  - component: {fileID: 1099609132}
  - component: {fileID: 1099609131}
  - component: {fileID: 1099609130}
  - component: {fileID: 1099609129}
  - component: {fileID: 1099609134}
  m_Layer: 0
  m_Name: Main Camera
  m_TagString: MainCamera
  m_Icon: {fileID: 0}
  m_NavMeshLayer: 0
  m_StaticEditorFlags: 0
  m_IsActive: 1
--- !u!81 &1099609129
AudioListener:
  m_ObjectHideFlags: 0
  m_PrefabParentObject: {fileID: 0}
  m_PrefabInternal: {fileID: 0}
  m_GameObject: {fileID: 1099609128}
  m_Enabled: 1
--- !u!124 &1099609130
Behaviour:
  m_ObjectHideFlags: 0
  m_PrefabParentObject: {fileID: 0}
  m_PrefabInternal: {fileID: 0}
  m_GameObject: {fileID: 1099609128}
  m_Enabled: 1
--- !u!92 &1099609131
Behaviour:
  m_ObjectHideFlags: 0
  m_PrefabParentObject: {fileID: 0}
  m_PrefabInternal: {fileID: 0}
  m_GameObject: {fileID: 1099609128}
  m_Enabled: 1
--- !u!20 &1099609132
Camera:
  m_ObjectHideFlags: 0
  m_PrefabParentObject: {fileID: 0}
  m_PrefabInternal: {fileID: 0}
  m_GameObject: {fileID: 1099609128}
  m_Enabled: 1
  serializedVersion: 2
  m_ClearFlags: 1
  m_BackGroundColor: {r: 0.19215687, g: 0.3019608, b: 0.4745098, a: 0}
  m_NormalizedViewPortRect:
    serializedVersion: 2
    x: 0
    y: 0
    width: 1
    height: 1
  near clip plane: 0.3
  far clip plane: 1000
  field of view: 60
  orthographic: 0
  orthographic size: 5
  m_Depth: -1
  m_CullingMask:
    serializedVersion: 2
    m_Bits: 4294967295
  m_RenderingPath: -1
  m_TargetTexture: {fileID: 0}
  m_TargetDisplay: 0
  m_TargetEye: 3
  m_HDR: 1
  m_AllowMSAA: 1
  m_ForceIntoRT: 0
  m_OcclusionCulling: 1
  m_StereoConvergence: 10
  m_StereoSeparation: 0.022
  m_StereoMirrorMode: 0
--- !u!4 &1099609133
Transform:
  m_ObjectHideFlags: 0
  m_PrefabParentObject: {fileID: 0}
  m_PrefabInternal: {fileID: 0}
  m_GameObject: {fileID: 1099609128}
  m_LocalRotation: {x: 0, y: 0, z: 0, w: 1}
  m_LocalPosition: {x: 0, y: 1, z: -10}
  m_LocalScale: {x: 1, y: 1, z: 1}
  m_Children: []
  m_Father: {fileID: 0}
  m_RootOrder: 0
  m_LocalEulerAnglesHint: {x: 0, y: 0, z: 0}
--- !u!114 &1099609134
MonoBehaviour:
  m_ObjectHideFlags: 0
  m_PrefabParentObject: {fileID: 0}
  m_PrefabInternal: {fileID: 0}
  m_GameObject: {fileID: 1099609128}
  m_Enabled: 1
  m_EditorHideFlags: 0
  m_Script: {fileID: 11500000, guid: 5aa6f3d5616d6844a82ddea1e41cbb01, type: 3}
  m_Name: 
  m_EditorClassIdentifier: 
  darnexPuzzleCanvas: {fileID: 2073964072}
--- !u!1 &1209003412
GameObject:
  m_ObjectHideFlags: 0
  m_PrefabParentObject: {fileID: 0}
  m_PrefabInternal: {fileID: 0}
  serializedVersion: 5
  m_Component:
  - component: {fileID: 1209003416}
  - component: {fileID: 1209003415}
  - component: {fileID: 1209003414}
  - component: {fileID: 1209003413}
  m_Layer: 5
  m_Name: Canvas
  m_TagString: Untagged
  m_Icon: {fileID: 0}
  m_NavMeshLayer: 0
  m_StaticEditorFlags: 0
  m_IsActive: 1
--- !u!114 &1209003413
MonoBehaviour:
  m_ObjectHideFlags: 0
  m_PrefabParentObject: {fileID: 0}
  m_PrefabInternal: {fileID: 0}
  m_GameObject: {fileID: 1209003412}
  m_Enabled: 1
  m_EditorHideFlags: 0
  m_Script: {fileID: 1301386320, guid: f70555f144d8491a825f0804e09c671c, type: 3}
  m_Name: 
  m_EditorClassIdentifier: 
  m_IgnoreReversedGraphics: 1
  m_BlockingObjects: 0
  m_BlockingMask:
    serializedVersion: 2
    m_Bits: 4294967295
--- !u!114 &1209003414
MonoBehaviour:
  m_ObjectHideFlags: 0
  m_PrefabParentObject: {fileID: 0}
  m_PrefabInternal: {fileID: 0}
  m_GameObject: {fileID: 1209003412}
  m_Enabled: 1
  m_EditorHideFlags: 0
  m_Script: {fileID: 1980459831, guid: f70555f144d8491a825f0804e09c671c, type: 3}
  m_Name: 
  m_EditorClassIdentifier: 
  m_UiScaleMode: 1
  m_ReferencePixelsPerUnit: 100
  m_ScaleFactor: 1
  m_ReferenceResolution: {x: 800, y: 800}
  m_ScreenMatchMode: 0
  m_MatchWidthOrHeight: 1
  m_PhysicalUnit: 3
  m_FallbackScreenDPI: 96
  m_DefaultSpriteDPI: 96
  m_DynamicPixelsPerUnit: 1
--- !u!223 &1209003415
Canvas:
  m_ObjectHideFlags: 0
  m_PrefabParentObject: {fileID: 0}
  m_PrefabInternal: {fileID: 0}
  m_GameObject: {fileID: 1209003412}
  m_Enabled: 1
  serializedVersion: 3
  m_RenderMode: 0
  m_Camera: {fileID: 0}
  m_PlaneDistance: 100
  m_PixelPerfect: 0
  m_ReceivesEvents: 1
  m_OverrideSorting: 0
  m_OverridePixelPerfect: 0
  m_SortingBucketNormalizedSize: 0
  m_AdditionalShaderChannelsFlag: 0
  m_SortingLayerID: 0
  m_SortingOrder: 1
  m_TargetDisplay: 0
--- !u!224 &1209003416
RectTransform:
  m_ObjectHideFlags: 0
  m_PrefabParentObject: {fileID: 0}
  m_PrefabInternal: {fileID: 0}
  m_GameObject: {fileID: 1209003412}
  m_LocalRotation: {x: 0, y: 0, z: 0, w: 1}
  m_LocalPosition: {x: 0, y: 0, z: 0}
  m_LocalScale: {x: 0, y: 0, z: 0}
  m_Children:
  - {fileID: 295392587}
  m_Father: {fileID: 0}
  m_RootOrder: 3
  m_LocalEulerAnglesHint: {x: 0, y: 0, z: 0}
  m_AnchorMin: {x: 0, y: 0}
  m_AnchorMax: {x: 0, y: 0}
  m_AnchoredPosition: {x: 0, y: 0}
  m_SizeDelta: {x: 0, y: 0}
  m_Pivot: {x: 0, y: 0}
--- !u!1001 &1555830732
Prefab:
  m_ObjectHideFlags: 0
  serializedVersion: 2
  m_Modification:
    m_TransformParent: {fileID: 0}
    m_Modifications:
    - target: {fileID: 224943356278403502, guid: 91727baffe9522f44b35d260cc474e95,
        type: 2}
      propertyPath: m_LocalPosition.x
      value: 0
      objectReference: {fileID: 0}
    - target: {fileID: 224943356278403502, guid: 91727baffe9522f44b35d260cc474e95,
        type: 2}
      propertyPath: m_LocalPosition.y
      value: 0
      objectReference: {fileID: 0}
    - target: {fileID: 224943356278403502, guid: 91727baffe9522f44b35d260cc474e95,
        type: 2}
      propertyPath: m_LocalPosition.z
      value: 0
      objectReference: {fileID: 0}
    - target: {fileID: 224943356278403502, guid: 91727baffe9522f44b35d260cc474e95,
        type: 2}
      propertyPath: m_LocalRotation.x
      value: 0
      objectReference: {fileID: 0}
    - target: {fileID: 224943356278403502, guid: 91727baffe9522f44b35d260cc474e95,
        type: 2}
      propertyPath: m_LocalRotation.y
      value: 0
      objectReference: {fileID: 0}
    - target: {fileID: 224943356278403502, guid: 91727baffe9522f44b35d260cc474e95,
        type: 2}
      propertyPath: m_LocalRotation.z
      value: 0
      objectReference: {fileID: 0}
    - target: {fileID: 224943356278403502, guid: 91727baffe9522f44b35d260cc474e95,
        type: 2}
      propertyPath: m_LocalRotation.w
      value: 1
      objectReference: {fileID: 0}
    - target: {fileID: 224943356278403502, guid: 91727baffe9522f44b35d260cc474e95,
        type: 2}
      propertyPath: m_RootOrder
      value: 4
      objectReference: {fileID: 0}
    - target: {fileID: 224943356278403502, guid: 91727baffe9522f44b35d260cc474e95,
        type: 2}
      propertyPath: m_AnchoredPosition.x
      value: 0
      objectReference: {fileID: 0}
    - target: {fileID: 224943356278403502, guid: 91727baffe9522f44b35d260cc474e95,
        type: 2}
      propertyPath: m_AnchoredPosition.y
      value: 0
      objectReference: {fileID: 0}
    - target: {fileID: 224943356278403502, guid: 91727baffe9522f44b35d260cc474e95,
        type: 2}
      propertyPath: m_SizeDelta.x
      value: 0
      objectReference: {fileID: 0}
    - target: {fileID: 224943356278403502, guid: 91727baffe9522f44b35d260cc474e95,
        type: 2}
      propertyPath: m_SizeDelta.y
      value: 0
      objectReference: {fileID: 0}
    - target: {fileID: 224943356278403502, guid: 91727baffe9522f44b35d260cc474e95,
        type: 2}
      propertyPath: m_AnchorMin.x
      value: 0
      objectReference: {fileID: 0}
    - target: {fileID: 224943356278403502, guid: 91727baffe9522f44b35d260cc474e95,
        type: 2}
      propertyPath: m_AnchorMin.y
      value: 0
      objectReference: {fileID: 0}
    - target: {fileID: 224943356278403502, guid: 91727baffe9522f44b35d260cc474e95,
        type: 2}
      propertyPath: m_AnchorMax.x
      value: 0
      objectReference: {fileID: 0}
    - target: {fileID: 224943356278403502, guid: 91727baffe9522f44b35d260cc474e95,
        type: 2}
      propertyPath: m_AnchorMax.y
      value: 0
      objectReference: {fileID: 0}
    - target: {fileID: 224943356278403502, guid: 91727baffe9522f44b35d260cc474e95,
        type: 2}
      propertyPath: m_Pivot.x
      value: 0
      objectReference: {fileID: 0}
    - target: {fileID: 224943356278403502, guid: 91727baffe9522f44b35d260cc474e95,
        type: 2}
      propertyPath: m_Pivot.y
      value: 0
      objectReference: {fileID: 0}
    - target: {fileID: 1847545698699780, guid: 91727baffe9522f44b35d260cc474e95, type: 2}
      propertyPath: m_IsActive
      value: 1
      objectReference: {fileID: 0}
    - target: {fileID: 114312571175415656, guid: 91727baffe9522f44b35d260cc474e95,
        type: 2}
      propertyPath: m_OnClick.m_PersistentCalls.m_Calls.Array.data[1].m_Target
      value: 
      objectReference: {fileID: 1099609134}
    - target: {fileID: 114312571175415656, guid: 91727baffe9522f44b35d260cc474e95,
        type: 2}
      propertyPath: m_OnClick.m_PersistentCalls.m_Calls.Array.data[1].m_MethodName
      value: CheckPuzzle
      objectReference: {fileID: 0}
    - target: {fileID: 114473929490576138, guid: 91727baffe9522f44b35d260cc474e95,
        type: 2}
      propertyPath: m_OnClick.m_PersistentCalls.m_Calls.Array.data[1].m_Target
      value: 
      objectReference: {fileID: 1099609134}
    - target: {fileID: 114473929490576138, guid: 91727baffe9522f44b35d260cc474e95,
        type: 2}
      propertyPath: m_OnClick.m_PersistentCalls.m_Calls.Array.data[1].m_MethodName
      value: CheckPuzzle
      objectReference: {fileID: 0}
    - target: {fileID: 114451732756406146, guid: 91727baffe9522f44b35d260cc474e95,
        type: 2}
      propertyPath: m_OnClick.m_PersistentCalls.m_Calls.Array.data[1].m_Target
      value: 
      objectReference: {fileID: 1099609134}
    - target: {fileID: 114451732756406146, guid: 91727baffe9522f44b35d260cc474e95,
        type: 2}
      propertyPath: m_OnClick.m_PersistentCalls.m_Calls.Array.data[1].m_MethodName
      value: CheckPuzzle
      objectReference: {fileID: 0}
    - target: {fileID: 114508505628044140, guid: 91727baffe9522f44b35d260cc474e95,
        type: 2}
      propertyPath: m_OnClick.m_PersistentCalls.m_Calls.Array.data[1].m_Target
      value: 
      objectReference: {fileID: 1099609134}
    - target: {fileID: 114508505628044140, guid: 91727baffe9522f44b35d260cc474e95,
        type: 2}
      propertyPath: m_OnClick.m_PersistentCalls.m_Calls.Array.data[1].m_MethodName
      value: CheckPuzzle
      objectReference: {fileID: 0}
    - target: {fileID: 114505975180899118, guid: 91727baffe9522f44b35d260cc474e95,
        type: 2}
      propertyPath: m_OnClick.m_PersistentCalls.m_Calls.Array.data[1].m_Target
      value: 
      objectReference: {fileID: 1099609134}
    - target: {fileID: 114505975180899118, guid: 91727baffe9522f44b35d260cc474e95,
        type: 2}
      propertyPath: m_OnClick.m_PersistentCalls.m_Calls.Array.data[1].m_MethodName
      value: CheckPuzzle
      objectReference: {fileID: 0}
    - target: {fileID: 114169763326804908, guid: 91727baffe9522f44b35d260cc474e95,
        type: 2}
      propertyPath: m_OnClick.m_PersistentCalls.m_Calls.Array.data[1].m_Target
      value: 
      objectReference: {fileID: 1099609134}
    - target: {fileID: 114169763326804908, guid: 91727baffe9522f44b35d260cc474e95,
        type: 2}
      propertyPath: m_OnClick.m_PersistentCalls.m_Calls.Array.data[1].m_MethodName
      value: CheckPuzzle
      objectReference: {fileID: 0}
    - target: {fileID: 114211017265549878, guid: 91727baffe9522f44b35d260cc474e95,
        type: 2}
      propertyPath: m_OnClick.m_PersistentCalls.m_Calls.Array.data[1].m_Target
      value: 
      objectReference: {fileID: 1099609134}
    - target: {fileID: 114211017265549878, guid: 91727baffe9522f44b35d260cc474e95,
        type: 2}
      propertyPath: m_OnClick.m_PersistentCalls.m_Calls.Array.data[1].m_MethodName
      value: CheckPuzzle
      objectReference: {fileID: 0}
    - target: {fileID: 114505004379316996, guid: 91727baffe9522f44b35d260cc474e95,
        type: 2}
      propertyPath: m_OnClick.m_PersistentCalls.m_Calls.Array.data[1].m_Target
      value: 
      objectReference: {fileID: 1099609134}
    - target: {fileID: 114505004379316996, guid: 91727baffe9522f44b35d260cc474e95,
        type: 2}
      propertyPath: m_OnClick.m_PersistentCalls.m_Calls.Array.data[1].m_MethodName
      value: CheckPuzzle
      objectReference: {fileID: 0}
    - target: {fileID: 114122756270886980, guid: 91727baffe9522f44b35d260cc474e95,
        type: 2}
      propertyPath: m_OnClick.m_PersistentCalls.m_Calls.Array.data[1].m_Target
      value: 
      objectReference: {fileID: 1099609134}
    - target: {fileID: 114122756270886980, guid: 91727baffe9522f44b35d260cc474e95,
        type: 2}
      propertyPath: m_OnClick.m_PersistentCalls.m_Calls.Array.data[1].m_MethodName
      value: CheckPuzzle
      objectReference: {fileID: 0}
    - target: {fileID: 114938543123602148, guid: 91727baffe9522f44b35d260cc474e95,
        type: 2}
      propertyPath: m_OnClick.m_PersistentCalls.m_Calls.Array.data[1].m_Target
      value: 
      objectReference: {fileID: 1099609134}
    - target: {fileID: 114938543123602148, guid: 91727baffe9522f44b35d260cc474e95,
        type: 2}
      propertyPath: m_OnClick.m_PersistentCalls.m_Calls.Array.data[1].m_MethodName
      value: CheckPuzzle
      objectReference: {fileID: 0}
    - target: {fileID: 114928961379950894, guid: 91727baffe9522f44b35d260cc474e95,
        type: 2}
      propertyPath: m_OnClick.m_PersistentCalls.m_Calls.Array.data[1].m_Target
      value: 
      objectReference: {fileID: 1099609134}
    - target: {fileID: 114928961379950894, guid: 91727baffe9522f44b35d260cc474e95,
        type: 2}
      propertyPath: m_OnClick.m_PersistentCalls.m_Calls.Array.data[1].m_MethodName
      value: CheckPuzzle
      objectReference: {fileID: 0}
    - target: {fileID: 114351066644585388, guid: 91727baffe9522f44b35d260cc474e95,
        type: 2}
      propertyPath: m_OnClick.m_PersistentCalls.m_Calls.Array.data[1].m_Target
      value: 
      objectReference: {fileID: 1099609134}
    - target: {fileID: 114351066644585388, guid: 91727baffe9522f44b35d260cc474e95,
        type: 2}
      propertyPath: m_OnClick.m_PersistentCalls.m_Calls.Array.data[1].m_MethodName
      value: CheckPuzzle
      objectReference: {fileID: 0}
    - target: {fileID: 114112735127983542, guid: 91727baffe9522f44b35d260cc474e95,
        type: 2}
      propertyPath: m_OnClick.m_PersistentCalls.m_Calls.Array.data[1].m_Target
      value: 
      objectReference: {fileID: 1099609134}
    - target: {fileID: 114112735127983542, guid: 91727baffe9522f44b35d260cc474e95,
        type: 2}
      propertyPath: m_OnClick.m_PersistentCalls.m_Calls.Array.data[1].m_MethodName
      value: CheckPuzzle
      objectReference: {fileID: 0}
    - target: {fileID: 114390103414205036, guid: 91727baffe9522f44b35d260cc474e95,
        type: 2}
      propertyPath: m_OnClick.m_PersistentCalls.m_Calls.Array.data[1].m_Target
      value: 
      objectReference: {fileID: 1099609134}
    - target: {fileID: 114390103414205036, guid: 91727baffe9522f44b35d260cc474e95,
        type: 2}
      propertyPath: m_OnClick.m_PersistentCalls.m_Calls.Array.data[1].m_MethodName
      value: CheckPuzzle
      objectReference: {fileID: 0}
    - target: {fileID: 114812875183942318, guid: 91727baffe9522f44b35d260cc474e95,
        type: 2}
      propertyPath: m_OnClick.m_PersistentCalls.m_Calls.Array.data[1].m_Target
      value: 
      objectReference: {fileID: 1099609134}
    - target: {fileID: 114812875183942318, guid: 91727baffe9522f44b35d260cc474e95,
        type: 2}
      propertyPath: m_OnClick.m_PersistentCalls.m_Calls.Array.data[1].m_MethodName
      value: CheckPuzzle
      objectReference: {fileID: 0}
    - target: {fileID: 114346013655086412, guid: 91727baffe9522f44b35d260cc474e95,
        type: 2}
      propertyPath: m_OnClick.m_PersistentCalls.m_Calls.Array.data[1].m_Target
      value: 
      objectReference: {fileID: 1099609134}
    - target: {fileID: 114346013655086412, guid: 91727baffe9522f44b35d260cc474e95,
        type: 2}
      propertyPath: m_OnClick.m_PersistentCalls.m_Calls.Array.data[1].m_MethodName
      value: CheckPuzzle
      objectReference: {fileID: 0}
    - target: {fileID: 114073856365639178, guid: 91727baffe9522f44b35d260cc474e95,
        type: 2}
      propertyPath: m_OnClick.m_PersistentCalls.m_Calls.Array.data[1].m_Target
      value: 
      objectReference: {fileID: 1099609134}
    - target: {fileID: 114073856365639178, guid: 91727baffe9522f44b35d260cc474e95,
        type: 2}
      propertyPath: m_OnClick.m_PersistentCalls.m_Calls.Array.data[1].m_MethodName
      value: CheckPuzzle
      objectReference: {fileID: 0}
    - target: {fileID: 114225390842266368, guid: 91727baffe9522f44b35d260cc474e95,
        type: 2}
      propertyPath: m_OnClick.m_PersistentCalls.m_Calls.Array.data[1].m_Target
      value: 
      objectReference: {fileID: 1099609134}
    - target: {fileID: 114225390842266368, guid: 91727baffe9522f44b35d260cc474e95,
        type: 2}
      propertyPath: m_OnClick.m_PersistentCalls.m_Calls.Array.data[1].m_MethodName
      value: CheckPuzzle
      objectReference: {fileID: 0}
    - target: {fileID: 114582409333760032, guid: 91727baffe9522f44b35d260cc474e95,
        type: 2}
      propertyPath: m_OnClick.m_PersistentCalls.m_Calls.Array.data[1].m_Target
      value: 
      objectReference: {fileID: 1099609134}
    - target: {fileID: 114582409333760032, guid: 91727baffe9522f44b35d260cc474e95,
        type: 2}
      propertyPath: m_OnClick.m_PersistentCalls.m_Calls.Array.data[1].m_MethodName
      value: CheckPuzzle
      objectReference: {fileID: 0}
    - target: {fileID: 114437226250667402, guid: 91727baffe9522f44b35d260cc474e95,
        type: 2}
      propertyPath: m_OnClick.m_PersistentCalls.m_Calls.Array.data[1].m_Target
      value: 
      objectReference: {fileID: 1099609134}
    - target: {fileID: 114437226250667402, guid: 91727baffe9522f44b35d260cc474e95,
        type: 2}
      propertyPath: m_OnClick.m_PersistentCalls.m_Calls.Array.data[1].m_MethodName
      value: CheckPuzzle
      objectReference: {fileID: 0}
    - target: {fileID: 114900954460800558, guid: 91727baffe9522f44b35d260cc474e95,
        type: 2}
      propertyPath: m_OnClick.m_PersistentCalls.m_Calls.Array.data[1].m_Target
      value: 
      objectReference: {fileID: 1099609134}
    - target: {fileID: 114900954460800558, guid: 91727baffe9522f44b35d260cc474e95,
        type: 2}
      propertyPath: m_OnClick.m_PersistentCalls.m_Calls.Array.data[1].m_MethodName
      value: CheckPuzzle
      objectReference: {fileID: 0}
    - target: {fileID: 114649934090146344, guid: 91727baffe9522f44b35d260cc474e95,
        type: 2}
      propertyPath: m_OnClick.m_PersistentCalls.m_Calls.Array.data[1].m_Target
      value: 
      objectReference: {fileID: 1099609134}
    - target: {fileID: 114649934090146344, guid: 91727baffe9522f44b35d260cc474e95,
        type: 2}
      propertyPath: m_OnClick.m_PersistentCalls.m_Calls.Array.data[1].m_MethodName
      value: CheckPuzzle
      objectReference: {fileID: 0}
    - target: {fileID: 114400029261281660, guid: 91727baffe9522f44b35d260cc474e95,
        type: 2}
      propertyPath: m_OnClick.m_PersistentCalls.m_Calls.Array.data[1].m_Target
      value: 
      objectReference: {fileID: 1099609134}
    - target: {fileID: 114400029261281660, guid: 91727baffe9522f44b35d260cc474e95,
        type: 2}
      propertyPath: m_OnClick.m_PersistentCalls.m_Calls.Array.data[1].m_MethodName
      value: CheckPuzzle
      objectReference: {fileID: 0}
    - target: {fileID: 114160614287439068, guid: 91727baffe9522f44b35d260cc474e95,
        type: 2}
      propertyPath: m_OnClick.m_PersistentCalls.m_Calls.Array.data[1].m_Target
      value: 
      objectReference: {fileID: 1099609134}
    - target: {fileID: 114160614287439068, guid: 91727baffe9522f44b35d260cc474e95,
        type: 2}
      propertyPath: m_OnClick.m_PersistentCalls.m_Calls.Array.data[1].m_MethodName
      value: CheckPuzzle
      objectReference: {fileID: 0}
    - target: {fileID: 114087675210033026, guid: 91727baffe9522f44b35d260cc474e95,
        type: 2}
      propertyPath: m_OnClick.m_PersistentCalls.m_Calls.Array.data[1].m_Target
      value: 
      objectReference: {fileID: 1099609134}
    - target: {fileID: 114087675210033026, guid: 91727baffe9522f44b35d260cc474e95,
        type: 2}
      propertyPath: m_OnClick.m_PersistentCalls.m_Calls.Array.data[1].m_MethodName
      value: CheckPuzzle
      objectReference: {fileID: 0}
    - target: {fileID: 114446760703180430, guid: 91727baffe9522f44b35d260cc474e95,
        type: 2}
      propertyPath: m_OnClick.m_PersistentCalls.m_Calls.Array.data[1].m_Target
      value: 
      objectReference: {fileID: 1099609134}
    - target: {fileID: 114446760703180430, guid: 91727baffe9522f44b35d260cc474e95,
        type: 2}
      propertyPath: m_OnClick.m_PersistentCalls.m_Calls.Array.data[1].m_MethodName
      value: CheckPuzzle
      objectReference: {fileID: 0}
    - target: {fileID: 114333914974352562, guid: 91727baffe9522f44b35d260cc474e95,
        type: 2}
      propertyPath: m_OnClick.m_PersistentCalls.m_Calls.Array.data[1].m_Target
      value: 
      objectReference: {fileID: 1099609134}
    - target: {fileID: 114333914974352562, guid: 91727baffe9522f44b35d260cc474e95,
        type: 2}
      propertyPath: m_OnClick.m_PersistentCalls.m_Calls.Array.data[1].m_MethodName
      value: CheckPuzzle
      objectReference: {fileID: 0}
    - target: {fileID: 114379911391227478, guid: 91727baffe9522f44b35d260cc474e95,
        type: 2}
      propertyPath: m_OnClick.m_PersistentCalls.m_Calls.Array.data[1].m_Target
      value: 
      objectReference: {fileID: 1099609134}
    - target: {fileID: 114379911391227478, guid: 91727baffe9522f44b35d260cc474e95,
        type: 2}
      propertyPath: m_OnClick.m_PersistentCalls.m_Calls.Array.data[1].m_MethodName
      value: CheckPuzzle
      objectReference: {fileID: 0}
    - target: {fileID: 114420428870892416, guid: 91727baffe9522f44b35d260cc474e95,
        type: 2}
      propertyPath: m_OnClick.m_PersistentCalls.m_Calls.Array.data[1].m_Target
      value: 
      objectReference: {fileID: 1099609134}
    - target: {fileID: 114420428870892416, guid: 91727baffe9522f44b35d260cc474e95,
        type: 2}
      propertyPath: m_OnClick.m_PersistentCalls.m_Calls.Array.data[1].m_MethodName
      value: CheckPuzzle
      objectReference: {fileID: 0}
    - target: {fileID: 114479893843163336, guid: 91727baffe9522f44b35d260cc474e95,
        type: 2}
      propertyPath: m_OnClick.m_PersistentCalls.m_Calls.Array.data[1].m_Target
      value: 
      objectReference: {fileID: 1099609134}
    - target: {fileID: 114479893843163336, guid: 91727baffe9522f44b35d260cc474e95,
        type: 2}
      propertyPath: m_OnClick.m_PersistentCalls.m_Calls.Array.data[1].m_MethodName
      value: CheckPuzzle
      objectReference: {fileID: 0}
    - target: {fileID: 114891096956209474, guid: 91727baffe9522f44b35d260cc474e95,
        type: 2}
      propertyPath: m_OnClick.m_PersistentCalls.m_Calls.Array.data[1].m_Target
      value: 
      objectReference: {fileID: 1099609134}
    - target: {fileID: 114891096956209474, guid: 91727baffe9522f44b35d260cc474e95,
        type: 2}
      propertyPath: m_OnClick.m_PersistentCalls.m_Calls.Array.data[1].m_MethodName
      value: CheckPuzzle
      objectReference: {fileID: 0}
    - target: {fileID: 114298509531627148, guid: 91727baffe9522f44b35d260cc474e95,
        type: 2}
      propertyPath: m_OnClick.m_PersistentCalls.m_Calls.Array.data[1].m_Target
      value: 
      objectReference: {fileID: 1099609134}
    - target: {fileID: 114298509531627148, guid: 91727baffe9522f44b35d260cc474e95,
        type: 2}
      propertyPath: m_OnClick.m_PersistentCalls.m_Calls.Array.data[1].m_MethodName
      value: CheckPuzzle
      objectReference: {fileID: 0}
    - target: {fileID: 114269918174395254, guid: 91727baffe9522f44b35d260cc474e95,
        type: 2}
      propertyPath: m_OnClick.m_PersistentCalls.m_Calls.Array.data[1].m_Target
      value: 
      objectReference: {fileID: 1099609134}
    - target: {fileID: 114269918174395254, guid: 91727baffe9522f44b35d260cc474e95,
        type: 2}
      propertyPath: m_OnClick.m_PersistentCalls.m_Calls.Array.data[1].m_MethodName
      value: CheckPuzzle
      objectReference: {fileID: 0}
    - target: {fileID: 114403153568059252, guid: 91727baffe9522f44b35d260cc474e95,
        type: 2}
      propertyPath: m_OnClick.m_PersistentCalls.m_Calls.Array.data[1].m_Target
      value: 
      objectReference: {fileID: 1099609134}
    - target: {fileID: 114403153568059252, guid: 91727baffe9522f44b35d260cc474e95,
        type: 2}
      propertyPath: m_OnClick.m_PersistentCalls.m_Calls.Array.data[1].m_MethodName
      value: CheckPuzzle
      objectReference: {fileID: 0}
    - target: {fileID: 114911845518246614, guid: 91727baffe9522f44b35d260cc474e95,
        type: 2}
      propertyPath: m_OnClick.m_PersistentCalls.m_Calls.Array.data[1].m_Target
      value: 
      objectReference: {fileID: 1099609134}
    - target: {fileID: 114911845518246614, guid: 91727baffe9522f44b35d260cc474e95,
        type: 2}
      propertyPath: m_OnClick.m_PersistentCalls.m_Calls.Array.data[1].m_MethodName
      value: CheckPuzzle
      objectReference: {fileID: 0}
    - target: {fileID: 114784394628122964, guid: 91727baffe9522f44b35d260cc474e95,
        type: 2}
      propertyPath: m_OnClick.m_PersistentCalls.m_Calls.Array.data[1].m_Target
      value: 
      objectReference: {fileID: 1099609134}
    - target: {fileID: 114784394628122964, guid: 91727baffe9522f44b35d260cc474e95,
        type: 2}
      propertyPath: m_OnClick.m_PersistentCalls.m_Calls.Array.data[1].m_MethodName
      value: CheckPuzzle
      objectReference: {fileID: 0}
    - target: {fileID: 114443793923025062, guid: 91727baffe9522f44b35d260cc474e95,
        type: 2}
      propertyPath: m_OnClick.m_PersistentCalls.m_Calls.Array.data[1].m_Target
      value: 
      objectReference: {fileID: 1099609134}
    - target: {fileID: 114443793923025062, guid: 91727baffe9522f44b35d260cc474e95,
        type: 2}
      propertyPath: m_OnClick.m_PersistentCalls.m_Calls.Array.data[1].m_MethodName
      value: CheckPuzzle
      objectReference: {fileID: 0}
    - target: {fileID: 114746290846201894, guid: 91727baffe9522f44b35d260cc474e95,
        type: 2}
      propertyPath: m_OnClick.m_PersistentCalls.m_Calls.Array.data[1].m_Target
      value: 
      objectReference: {fileID: 1099609134}
    - target: {fileID: 114746290846201894, guid: 91727baffe9522f44b35d260cc474e95,
        type: 2}
      propertyPath: m_OnClick.m_PersistentCalls.m_Calls.Array.data[1].m_MethodName
      value: CheckPuzzle
      objectReference: {fileID: 0}
    - target: {fileID: 114309374466987978, guid: 91727baffe9522f44b35d260cc474e95,
        type: 2}
      propertyPath: m_OnClick.m_PersistentCalls.m_Calls.Array.data[1].m_Target
      value: 
      objectReference: {fileID: 1099609134}
    - target: {fileID: 114309374466987978, guid: 91727baffe9522f44b35d260cc474e95,
        type: 2}
      propertyPath: m_OnClick.m_PersistentCalls.m_Calls.Array.data[1].m_MethodName
      value: CheckPuzzle
      objectReference: {fileID: 0}
    - target: {fileID: 114927199255795768, guid: 91727baffe9522f44b35d260cc474e95,
        type: 2}
      propertyPath: m_OnClick.m_PersistentCalls.m_Calls.Array.data[1].m_Target
      value: 
      objectReference: {fileID: 1099609134}
    - target: {fileID: 114927199255795768, guid: 91727baffe9522f44b35d260cc474e95,
        type: 2}
      propertyPath: m_OnClick.m_PersistentCalls.m_Calls.Array.data[1].m_MethodName
      value: CheckPuzzle
      objectReference: {fileID: 0}
    - target: {fileID: 114758921466175794, guid: 91727baffe9522f44b35d260cc474e95,
        type: 2}
      propertyPath: m_OnClick.m_PersistentCalls.m_Calls.Array.data[1].m_Target
      value: 
      objectReference: {fileID: 1099609134}
    - target: {fileID: 114758921466175794, guid: 91727baffe9522f44b35d260cc474e95,
        type: 2}
      propertyPath: m_OnClick.m_PersistentCalls.m_Calls.Array.data[1].m_MethodName
      value: CheckPuzzle
      objectReference: {fileID: 0}
    - target: {fileID: 114444188499129486, guid: 91727baffe9522f44b35d260cc474e95,
        type: 2}
      propertyPath: m_OnClick.m_PersistentCalls.m_Calls.Array.data[1].m_Target
      value: 
      objectReference: {fileID: 1099609134}
    - target: {fileID: 114444188499129486, guid: 91727baffe9522f44b35d260cc474e95,
        type: 2}
      propertyPath: m_OnClick.m_PersistentCalls.m_Calls.Array.data[1].m_MethodName
      value: CheckPuzzle
      objectReference: {fileID: 0}
    - target: {fileID: 114071347608141502, guid: 91727baffe9522f44b35d260cc474e95,
        type: 2}
      propertyPath: m_OnClick.m_PersistentCalls.m_Calls.Array.data[1].m_Target
      value: 
      objectReference: {fileID: 1099609134}
    - target: {fileID: 114071347608141502, guid: 91727baffe9522f44b35d260cc474e95,
        type: 2}
      propertyPath: m_OnClick.m_PersistentCalls.m_Calls.Array.data[1].m_MethodName
      value: CheckPuzzle
      objectReference: {fileID: 0}
    - target: {fileID: 114496462693914884, guid: 91727baffe9522f44b35d260cc474e95,
        type: 2}
      propertyPath: m_OnClick.m_PersistentCalls.m_Calls.Array.data[1].m_Target
      value: 
      objectReference: {fileID: 1099609134}
    - target: {fileID: 114496462693914884, guid: 91727baffe9522f44b35d260cc474e95,
        type: 2}
      propertyPath: m_OnClick.m_PersistentCalls.m_Calls.Array.data[1].m_MethodName
      value: CheckPuzzle
      objectReference: {fileID: 0}
    - target: {fileID: 114325470219416186, guid: 91727baffe9522f44b35d260cc474e95,
        type: 2}
      propertyPath: m_OnClick.m_PersistentCalls.m_Calls.Array.data[1].m_Target
      value: 
      objectReference: {fileID: 1099609134}
    - target: {fileID: 114325470219416186, guid: 91727baffe9522f44b35d260cc474e95,
        type: 2}
      propertyPath: m_OnClick.m_PersistentCalls.m_Calls.Array.data[1].m_MethodName
      value: CheckPuzzle
      objectReference: {fileID: 0}
    - target: {fileID: 114627985297553858, guid: 91727baffe9522f44b35d260cc474e95,
        type: 2}
      propertyPath: m_OnClick.m_PersistentCalls.m_Calls.Array.data[1].m_Target
      value: 
      objectReference: {fileID: 1099609134}
    - target: {fileID: 114627985297553858, guid: 91727baffe9522f44b35d260cc474e95,
        type: 2}
      propertyPath: m_OnClick.m_PersistentCalls.m_Calls.Array.data[1].m_MethodName
      value: CheckPuzzle
      objectReference: {fileID: 0}
    - target: {fileID: 114636633560197832, guid: 91727baffe9522f44b35d260cc474e95,
        type: 2}
      propertyPath: m_OnClick.m_PersistentCalls.m_Calls.Array.data[1].m_Target
      value: 
      objectReference: {fileID: 1099609134}
    - target: {fileID: 114636633560197832, guid: 91727baffe9522f44b35d260cc474e95,
        type: 2}
      propertyPath: m_OnClick.m_PersistentCalls.m_Calls.Array.data[1].m_MethodName
      value: CheckPuzzle
      objectReference: {fileID: 0}
    - target: {fileID: 114013632475374766, guid: 91727baffe9522f44b35d260cc474e95,
        type: 2}
      propertyPath: m_OnClick.m_PersistentCalls.m_Calls.Array.data[1].m_Target
      value: 
      objectReference: {fileID: 1099609134}
    - target: {fileID: 114013632475374766, guid: 91727baffe9522f44b35d260cc474e95,
        type: 2}
      propertyPath: m_OnClick.m_PersistentCalls.m_Calls.Array.data[1].m_MethodName
      value: CheckPuzzle
      objectReference: {fileID: 0}
    - target: {fileID: 114555806200066098, guid: 91727baffe9522f44b35d260cc474e95,
        type: 2}
      propertyPath: m_OnClick.m_PersistentCalls.m_Calls.Array.data[1].m_Target
      value: 
      objectReference: {fileID: 1099609134}
    - target: {fileID: 114555806200066098, guid: 91727baffe9522f44b35d260cc474e95,
        type: 2}
      propertyPath: m_OnClick.m_PersistentCalls.m_Calls.Array.data[1].m_MethodName
      value: CheckPuzzle
      objectReference: {fileID: 0}
    - target: {fileID: 114627368212803454, guid: 91727baffe9522f44b35d260cc474e95,
        type: 2}
      propertyPath: m_OnClick.m_PersistentCalls.m_Calls.Array.data[1].m_Target
      value: 
      objectReference: {fileID: 1099609134}
    - target: {fileID: 114627368212803454, guid: 91727baffe9522f44b35d260cc474e95,
        type: 2}
      propertyPath: m_OnClick.m_PersistentCalls.m_Calls.Array.data[1].m_MethodName
      value: CheckPuzzle
      objectReference: {fileID: 0}
    - target: {fileID: 114558036649826890, guid: 91727baffe9522f44b35d260cc474e95,
        type: 2}
      propertyPath: m_OnClick.m_PersistentCalls.m_Calls.Array.data[1].m_Target
      value: 
      objectReference: {fileID: 1099609134}
    - target: {fileID: 114558036649826890, guid: 91727baffe9522f44b35d260cc474e95,
        type: 2}
      propertyPath: m_OnClick.m_PersistentCalls.m_Calls.Array.data[1].m_MethodName
      value: CheckPuzzle
      objectReference: {fileID: 0}
    - target: {fileID: 114538307034427014, guid: 91727baffe9522f44b35d260cc474e95,
        type: 2}
      propertyPath: m_OnClick.m_PersistentCalls.m_Calls.Array.data[1].m_Target
      value: 
      objectReference: {fileID: 1099609134}
    - target: {fileID: 114538307034427014, guid: 91727baffe9522f44b35d260cc474e95,
        type: 2}
      propertyPath: m_OnClick.m_PersistentCalls.m_Calls.Array.data[1].m_MethodName
      value: CheckPuzzle
      objectReference: {fileID: 0}
    - target: {fileID: 114916253748047388, guid: 91727baffe9522f44b35d260cc474e95,
        type: 2}
      propertyPath: m_OnClick.m_PersistentCalls.m_Calls.Array.data[1].m_Target
      value: 
      objectReference: {fileID: 1099609134}
    - target: {fileID: 114916253748047388, guid: 91727baffe9522f44b35d260cc474e95,
        type: 2}
      propertyPath: m_OnClick.m_PersistentCalls.m_Calls.Array.data[1].m_MethodName
      value: CheckPuzzle
      objectReference: {fileID: 0}
    - target: {fileID: 1424811683071162, guid: 91727baffe9522f44b35d260cc474e95, type: 2}
      propertyPath: m_IsActive
      value: 0
      objectReference: {fileID: 0}
    - target: {fileID: 114240171147334120, guid: 91727baffe9522f44b35d260cc474e95,
        type: 2}
      propertyPath: m_Color.a
      value: 0
      objectReference: {fileID: 0}
    - target: {fileID: 224046941794620956, guid: 91727baffe9522f44b35d260cc474e95,
        type: 2}
      propertyPath: m_AnchorMin.x
      value: 0
      objectReference: {fileID: 0}
    - target: {fileID: 224046941794620956, guid: 91727baffe9522f44b35d260cc474e95,
        type: 2}
      propertyPath: m_AnchorMax.x
      value: 1
      objectReference: {fileID: 0}
    - target: {fileID: 224046941794620956, guid: 91727baffe9522f44b35d260cc474e95,
        type: 2}
      propertyPath: m_SizeDelta.x
      value: 0
      objectReference: {fileID: 0}
    - target: {fileID: 114852003813731142, guid: 91727baffe9522f44b35d260cc474e95,
        type: 2}
      propertyPath: m_Enabled
      value: 0
      objectReference: {fileID: 0}
    - target: {fileID: 224568242719264878, guid: 91727baffe9522f44b35d260cc474e95,
        type: 2}
      propertyPath: m_LocalScale.x
      value: 1.2513635
      objectReference: {fileID: 0}
    - target: {fileID: 224568242719264878, guid: 91727baffe9522f44b35d260cc474e95,
        type: 2}
      propertyPath: m_LocalScale.y
      value: 1.2513642
      objectReference: {fileID: 0}
    - target: {fileID: 224568242719264878, guid: 91727baffe9522f44b35d260cc474e95,
        type: 2}
      propertyPath: m_LocalScale.z
      value: 1.2513642
      objectReference: {fileID: 0}
    - target: {fileID: 224919598726809862, guid: 91727baffe9522f44b35d260cc474e95,
        type: 2}
      propertyPath: m_LocalScale.x
      value: 1.2513556
      objectReference: {fileID: 0}
    - target: {fileID: 224919598726809862, guid: 91727baffe9522f44b35d260cc474e95,
        type: 2}
      propertyPath: m_LocalScale.y
      value: 1.2513564
      objectReference: {fileID: 0}
    - target: {fileID: 224919598726809862, guid: 91727baffe9522f44b35d260cc474e95,
        type: 2}
      propertyPath: m_LocalScale.z
      value: 1.2513564
      objectReference: {fileID: 0}
    - target: {fileID: 224819950266327402, guid: 91727baffe9522f44b35d260cc474e95,
        type: 2}
      propertyPath: m_LocalScale.x
      value: 1.2513556
      objectReference: {fileID: 0}
    - target: {fileID: 224819950266327402, guid: 91727baffe9522f44b35d260cc474e95,
        type: 2}
      propertyPath: m_LocalScale.y
      value: 1.2513564
      objectReference: {fileID: 0}
    - target: {fileID: 224819950266327402, guid: 91727baffe9522f44b35d260cc474e95,
        type: 2}
      propertyPath: m_LocalScale.z
      value: 1.2513564
      objectReference: {fileID: 0}
    - target: {fileID: 224825607357134916, guid: 91727baffe9522f44b35d260cc474e95,
        type: 2}
      propertyPath: m_LocalScale.x
      value: 1.2513556
      objectReference: {fileID: 0}
    - target: {fileID: 224825607357134916, guid: 91727baffe9522f44b35d260cc474e95,
        type: 2}
      propertyPath: m_LocalScale.y
      value: 1.2513564
      objectReference: {fileID: 0}
    - target: {fileID: 224825607357134916, guid: 91727baffe9522f44b35d260cc474e95,
        type: 2}
      propertyPath: m_LocalScale.z
      value: 1.2513564
      objectReference: {fileID: 0}
    m_RemovedComponents: []
  m_ParentPrefab: {fileID: 100100000, guid: 91727baffe9522f44b35d260cc474e95, type: 2}
  m_IsPrefabParent: 0
--- !u!1 &1750028786
GameObject:
  m_ObjectHideFlags: 0
  m_PrefabParentObject: {fileID: 0}
  m_PrefabInternal: {fileID: 0}
  serializedVersion: 5
  m_Component:
  - component: {fileID: 1750028789}
  - component: {fileID: 1750028788}
  - component: {fileID: 1750028787}
  m_Layer: 0
  m_Name: EventSystem
  m_TagString: Untagged
  m_Icon: {fileID: 0}
  m_NavMeshLayer: 0
  m_StaticEditorFlags: 0
  m_IsActive: 1
--- !u!114 &1750028787
MonoBehaviour:
  m_ObjectHideFlags: 0
  m_PrefabParentObject: {fileID: 0}
  m_PrefabInternal: {fileID: 0}
  m_GameObject: {fileID: 1750028786}
  m_Enabled: 1
  m_EditorHideFlags: 0
  m_Script: {fileID: 1077351063, guid: f70555f144d8491a825f0804e09c671c, type: 3}
  m_Name: 
  m_EditorClassIdentifier: 
  m_HorizontalAxis: Horizontal
  m_VerticalAxis: Vertical
  m_SubmitButton: Submit
  m_CancelButton: Cancel
  m_InputActionsPerSecond: 10
  m_RepeatDelay: 0.5
  m_ForceModuleActive: 0
--- !u!114 &1750028788
MonoBehaviour:
  m_ObjectHideFlags: 0
  m_PrefabParentObject: {fileID: 0}
  m_PrefabInternal: {fileID: 0}
  m_GameObject: {fileID: 1750028786}
  m_Enabled: 1
  m_EditorHideFlags: 0
  m_Script: {fileID: -619905303, guid: f70555f144d8491a825f0804e09c671c, type: 3}
  m_Name: 
  m_EditorClassIdentifier: 
  m_FirstSelected: {fileID: 0}
  m_sendNavigationEvents: 1
  m_DragThreshold: 5
--- !u!4 &1750028789
Transform:
  m_ObjectHideFlags: 0
  m_PrefabParentObject: {fileID: 0}
  m_PrefabInternal: {fileID: 0}
  m_GameObject: {fileID: 1750028786}
  m_LocalRotation: {x: 0, y: 0, z: 0, w: 1}
  m_LocalPosition: {x: 0, y: 0, z: 0}
  m_LocalScale: {x: 1, y: 1, z: 1}
  m_Children: []
  m_Father: {fileID: 0}
  m_RootOrder: 2
  m_LocalEulerAnglesHint: {x: 0, y: 0, z: 0}
--- !u!1 &1960467822
GameObject:
  m_ObjectHideFlags: 0
  m_PrefabParentObject: {fileID: 0}
  m_PrefabInternal: {fileID: 0}
  serializedVersion: 5
  m_Component:
  - component: {fileID: 1960467824}
  - component: {fileID: 1960467823}
  m_Layer: 0
  m_Name: Directional Light
  m_TagString: Untagged
  m_Icon: {fileID: 0}
  m_NavMeshLayer: 0
  m_StaticEditorFlags: 0
  m_IsActive: 1
--- !u!108 &1960467823
Light:
  m_ObjectHideFlags: 0
  m_PrefabParentObject: {fileID: 0}
  m_PrefabInternal: {fileID: 0}
  m_GameObject: {fileID: 1960467822}
  m_Enabled: 1
  serializedVersion: 8
  m_Type: 1
  m_Color: {r: 1, g: 0.95686275, b: 0.8392157, a: 1}
  m_Intensity: 1
  m_Range: 10
  m_SpotAngle: 30
  m_CookieSize: 10
  m_Shadows:
    m_Type: 2
    m_Resolution: -1
    m_CustomResolution: -1
    m_Strength: 1
    m_Bias: 0.05
    m_NormalBias: 0.4
    m_NearPlane: 0.2
  m_Cookie: {fileID: 0}
  m_DrawHalo: 0
  m_Flare: {fileID: 0}
  m_RenderMode: 0
  m_CullingMask:
    serializedVersion: 2
    m_Bits: 4294967295
  m_Lightmapping: 4
  m_AreaSize: {x: 1, y: 1}
  m_BounceIntensity: 1
  m_ColorTemperature: 6570
  m_UseColorTemperature: 0
  m_ShadowRadius: 0
  m_ShadowAngle: 0
--- !u!4 &1960467824
Transform:
  m_ObjectHideFlags: 0
  m_PrefabParentObject: {fileID: 0}
  m_PrefabInternal: {fileID: 0}
  m_GameObject: {fileID: 1960467822}
  m_LocalRotation: {x: 0.40821788, y: -0.23456968, z: 0.10938163, w: 0.8754261}
  m_LocalPosition: {x: 0, y: 3, z: 0}
  m_LocalScale: {x: 1, y: 1, z: 1}
  m_Children: []
  m_Father: {fileID: 0}
  m_RootOrder: 1
  m_LocalEulerAnglesHint: {x: 50, y: -30, z: 0}
--- !u!1 &2073964072 stripped
GameObject:
  m_PrefabParentObject: {fileID: 1847545698699780, guid: 91727baffe9522f44b35d260cc474e95,
    type: 2}
  m_PrefabInternal: {fileID: 1555830732}
